@misc{stacks-project,
  author       = {The {Stacks project authors}},
  title        = {The Stacks project},
  howpublished = {\url{https://stacks.math.columbia.edu}},
  year         = {2025},
  shorthand = {Stacks}
}

@article{vdPclassification,
 author = {van der Put, Marius and Schneider, P.},
 title = {Points and topologies in rigid geometry},
 fjournal = {Mathematische Annalen},
 journal = {Math. Ann.},
 issn = {0025-5831},
 volume = {302},
 number = {1},
 pages = {81--103},
 year = {1995},
 language = {English},
 doi = {10.1007/BF01444488},
 keywords = {11G99,14G20},
 url = {https://eudml.org/doc/165324},
 zbMATH = {769470},
 Zbl = {0867.11049},
 shorthand = {vdPS95}
}